@article{fips197,
  title={197, Advanced Encryption Standard (AES), National Institute of Standards and Technology, US Department of Commerce (November 2001)},
  author={FIPS, PUB},
  year = {2001},
  journal={Link in: http://csrc. nist. gov/publications/fips/fips197/fips-197. pdf}
}
